This file was created with JabRef 1.8.1.
Encoding: UTF8


@Online{
    World_Internet_Users_Statistics2015-05-30,
    title = {World Internet Users Statistics and 2014 World Population Stats},
    author = {},
    organization = {},
    file = {:./references/World Internet Users Statistics and 2014 World Population Stats.html:html},
    url = {http://www.internetworldstats.com/stats.htm},
    urldate = {2015-05-30} }

@Online{
    Internet__Wikipedia_2015-05-30,
    title = {Internet – Wikipedia},
    author = {},
    organization = {},
    file = {:./references/Internet – Wikipedia.html:html},
    url = {https://de.wikipedia.org/wiki/Internet#Nutzerzahlen},
    urldate = {2015-05-30} }

@Online{
    IEEE_Computer_Society_2015-05-30,
    title = {index • IEEE Computer Society},
    author = {},
    organization = {},
    file = {:./references/index • IEEE Computer Society.html:html},
    url = {http://www.computer.org/web/swebok},
    urldate = {2015-05-30} }

@Online{
    World_Wide_Web_Consortium_2015-05-30, 
    title = {World Wide Web Consortium (W3C)},
    author = {},
    organization = {},
    file = {:./references/World Wide Web Consortium (W3C).html:html},
    url = {http://www.w3.org/},
    urldate = {2015-05-30} }
